@ARTICLE{lee:semantic_web,
    AUTHOR = "Tim Berner Lee and James Hendler and Ora Lassila",
    TITLE = "{The Semantic Web}",
    JOURNAL = "Scientific American",
    %VOLUME = {15},
    %NUMBER = {5},
    %PAGES = {795-825},
    MONTH = "May",
    YEAR = {2001}
}

@article{DBLP:journals/vldb/NeumannW10,
  author    = {Thomas Neumann and
               Gerhard Weikum},
  title     = {{The RDF-3X engine for scalable management of RDF data}},
  journal   = {VLDB J.},
  volume    = {19},
  number    = {1},
  year      = {2010},
  pages     = {91-113}
}

@article{journals/internet/KuCWL,
  author    = {Wei-Shinn Ku and
               Haiquan Chen and
               Chih-Jye Wang and
               Chuan-Ming Liu},
  title     = {{Geo-Store: A Framework for Supporting Semantics Enabled Location-Based Services with RDF Triple Stores}},
  journal   = {IEEE Internet Computing},
  volume    = {In press},
  year      = {2012}
}

%
%@ARTICLE{braams:babel,
%   AUTHOR = "Johannes Braams",
%   TITLE = "Babel, a Multilingual Style-Option System for Use with LaTeX's Standard Document Styles",
%   JOURNAL = {TUGboat},
%   VOLUME = {12},
%   NUMBER = {2},
%   PAGES = {291-301},
%   MONTH = "June",
%   YEAR = {1991}   }
%
%@INPROCEEDINGS{clark:pct,
%   AUTHOR = "Malcolm Clark",
%   TITLE = "Post Congress Tristesse",
%   BOOKTITLE = "TeX90 Conference Proceedings",
%   PAGES = "84-89",
%   ORGANIZATION = "TeX Users Group",
%   MONTH = "March",
%   YEAR = {1991}   }
%
%@ARTICLE{herlihy:methodology,
%   AUTHOR = "Maurice Herlihy",
%   TITLE = "A Methodology for Implementing Highly Concurrent
%   Data Objects",
%   JOURNAL = {ACM Trans. Program. Lang. Syst.},
%   VOLUME = {15},
%   NUMBER = {5},
%   PAGES = {745-770},
%   MONTH = "November",
%   YEAR = {1993}   }
%
%@BOOK{Lamport:LaTeX,
%   AUTHOR = "Leslie Lamport",
%   TITLE = "LaTeX User's Guide and Document Reference Manual",
%   PUBLISHER = "Addison-Wesley Publishing Company",
%   ADDRESS = "Reading, Massachusetts",
%   YEAR = "1986"   }
%
%@BOOK{salas:calculus,
%   AUTHOR = "S.L. Salas and Einar Hille",
%   TITLE = "Calculus: One and Several Variable",
%   PUBLISHER = "John Wiley and Sons",
%   ADDRESS = "New York",
%   YEAR = "1978"   }
